@inproceedings{Brand:2014:SEA:2664591.2664612,
 author = {Brand, Dirk and Kroon, Steve},
 title = {Sample Evaluation for Action Selection in Monte Carlo Tree Search},
 booktitle = {Proceedings of the Southern African Institute for Computer Scientist and Information Technologists Annual Conference 2014 on SAICSIT 2014 Empowered by Technology},
 series = {SAICSIT '14},
 year = {2014},
 isbn = {978-1-4503-3246-0},
 location = {Centurion, South Africa},
 pages = {314:314--314:322},
 articleno = {314},
 numpages = {9},
 url = {http://doi.acm.org.ezproxy.morris.umn.edu/10.1145/2664591.2664612},
 doi = {10.1145/2664591.2664612},
 acmid = {2664612},
 publisher = {ACM},
 address = {New York, NY, USA},
 keywords = {Evaluation Function, Heuristics, Monte-Carlo Tree Search, Risk, Sampling},
}


